@book{Hindley2008,
  Author = {J. Roger Hindley},
  Title = {Basic Simple Type Theory},
  Series = {Cambridge Tracts in Theoretical Computer Science},
  Publisher = {Cambridge University Press},
  volume={42},
  Year = {2008},
  ISBN = {9780521054225},
  doi = {10.1017/CBO9780511608865}
}

@article{chandra81,
    author = {Chandra, Ashok K. and Kozen, Dexter C. and Stockmeyer, Larry J.},
    title = {Alternation},
    journal = {J. ACM},
    issue_date = {Jan. 1981},
    volume = {28},
    number = {1},
    month = jan,
    year = {1981},
    issn = {0004-5411},
    pages = {114--133},
    numpages = {20},
    doi = {10.1145/322234.322243},
    acmid = {322243},
    publisher = {ACM},
    address = {New York, NY, USA},
} 



@book{lecturesCH,
    author = {S{\o}rensen, Morten Heine and Urzyczyn, Paweł},
    title = {Lectures on the Curry-Howard Isomorphism},
    volume = "149",
    series = "Studies in Logic and the Foundations of Mathematics",
    year = {2006},
    isbn = {0444520775},
    publisher = {Elsevier Science Inc.},
    address = {New York, NY, USA},
}

@book{Troelstra1996,
    author = {Troelstra, A. S. and Schwichtenberg, H.},
    title = {Basic Proof Theory},
    year = {1996},
    isbn = {0-521-57223-1},
    publisher = {Cambridge University Press},
    address = {New York, NY, USA},
} 

@InProceedings{dudenhefner,
  author =	{Andrej Dudenhefner and Jakob Rehof},
  title =	{{The Complexity of Principal Inhabitation}},
  booktitle =	{2nd International Conference on Formal Structures for Computation and Deduction (FSCD 2018)},
  pages =	{15:1--15:14},
  series =	{Leibniz International Proceedings in Informatics (LIPIcs)},
  ISBN =	{978-3-95977-047-7},
  ISSN =	{1868-8969},
  year =	{2017},
  volume =	{84},
  editor =	{Dale Miller},
  publisher =	{Schloss Dagstuhl--Leibniz-Zentrum fuer Informatik},
  address =	{Dagstuhl, Germany},
  URL =		{http://drops.dagstuhl.de/opus/volltexte/2017/7735},
  URN =		{urn:nbn:de:0030-drops-77359},
  doi =		{10.4230/LIPIcs.FSCD.2017.15},
  annote =	{Keywords: Lambda Calculus, Type Theory, Simple Types, Inhabitation, Principal Type, Complexity}
}
@InProceedings{pawel,
author="Urzyczyn, Paweł",
editor="de Groote, Philippe
and Roger Hindley, J.",
title="Inhabitation in typed lambda-calculi (a syntactic approach)",
booktitle="Typed Lambda Calculi and Applications",
year="1997",
publisher="Springer Berlin Heidelberg",
address="Berlin, Heidelberg",
pages="373--389",
abstract="A type is inhabited (non-empty) in a typed calculus iff there is a closed term of this type. The inhabitation (emptiness) problem is to determine if a given type is inhabited. This paper provides direct, purely syntactic proofs of the following results: the inhabitation problem is PSPACE-complete for simply typed lambda-calculus and undecidable for the polymorphic second-order and higher-order lambda calculi (systems F and F$\omega$).",
isbn="978-3-540-68438-1",
doi={10.1007/3-540-62688-3_47}
}
@article{statman,
title = "Intuitionistic propositional logic is polynomial-space complete",
journal = "Theoretical Computer Science",
volume = "9",
number = "1",
pages = "67 - 72",
year = "1979",
issn = "0304-3975",
doi = "https://doi.org/10.1016/0304-3975(79)90006-9",
url = "http://www.sciencedirect.com/science/article/pii/0304397579900069",
author = "Richard Statman"
}

%@MISC{adam,
%    author = {Adam Koprowski},
%    title = {A Formalization of the Simply Typed Lambda Calculus in Coq},
%    year = {2006},
    %url = {https://pdfs.semanticscholar.org/ff86/37a436f18ee4f49e35ad303600d08e2d3295.pdf}
%    url = {http://www.5z8.info/instant-purchase_h3t6nf_creditscore}
%}

@MISC{foundation2,
title = {Software Foundations Volume 2: Programming Language Foundations},
year = {2018},
author = {Benjamin C. Pierce and Arthur Azevedo de Amorim and Chris Casinghino and Marco Gaboardi and Michael Greenberg and Cătălin Hriţcu and Vilhelm Sjöberg and Andrew Tolmach and Brent Yorgey},
url = {https://softwarefoundations.cis.upenn.edu/current/plf-current/index.html}
}

@MISC{sozeau,
author = {Matthieu Sozeau},
year = {2007},
title = {A dependently-typed formalization of $\lambda^\rightarrow$, substitution, denotation, normalization},
url = {https://www.irif.fr/~sozeau/research/publications/drafts/lambda-notes.pdf}
}

@INPROCEEDINGS{autosubst,
  title = {Autosubst: Reasoning with de Bruijn Terms and Parallel Substitutions},
  author = {Steven Sch{\"a}fer and Tobias Tebbi and Gert Smolka},
  year = {2015},
  month = {8},
  editor = {Xingyuan Zhang and Christian Urban},
  publisher = {Springer-Verlag},
  booktitle = {Interactive Theorem Proving - 6th International Conference, {ITP} 2015, Nanjing, China, August 24-27, 2015},
  series = {LNAI},
  doi = {10.1007/978-3-319-22102-1_24}
}
@article{debruijn,
author = {Kamareddine, Fairouz},
title = {Reviewing the Classical and the de Bruijn Notation for $\lambda$‐calculus and Pure Type Systems},
journal = {Journal of Logic and Computation},
volume = {11},
number = {3},
pages = {363-394},
year = {2001},
doi = {10.1093/logcom/11.3.363},
%URL = {http://dx.doi.org/10.1093/logcom/11.3.363}
%eprint = {/oup/backfile/content_public/journal/logcom/11/3/10.1093/logcom/11.3.363/2/110363.pdf}
}

@Article{Schoenfinkel1924,
    author="Sch{\"o}nfinkel, Moses",
    title="{\"U}ber die Bausteine der mathematischen Logik",
    journal="Mathematische Annalen",
    year="1924",
    month="9",
    day="01",
    volume="92",
    number="3",
    pages="305--316",
    issn="1432-1807",
    doi="10.1007/BF01448013"
}

@INPROCEEDINGS{duden2,
    author = {Andrej Dudenhefner and Jakob Rehof},
    booktitle = {2017 32nd Annual ACM/IEEE Symposium on Logic in Computer Science (LICS)},
    title = {Typability in bounded dimension},
    year = {2017},
    pages = {1-12},
    keywords={Standards;Syntactics;Calculus;Upper bound;Computer science;Electronic mail;Complexity theory},
    doi = {10.1109/LICS.2017.8005127},
    month={6}
}
@article{curry,
    number = {26},
    volume = {50},
    journal = {Revue Philosophique De Louvain},
    year = {1952},
    pages = {251--269},
    author = {Haskell B. Curry},
    title = {On the Definition of Substitution, Replacement and Allied Notions in a Abstract Formal System}
}

@INPROCEEDINGS{Coquand86ananalysis,
    author = {Thierry Coquand},
    title = {An Analysis of Girard's Paradox},
    booktitle = {In Symposium on Logic in Computer Science},
    year = {1986},
    pages = {227--236},
    doi = {10.1.1.37.3153},
    publisher = {IEEE Computer Society Press}
}

@article{unsound,
    author = {Amin, Nada and Tate, Ross},
    title = {Java and Scala's Type Systems Are Unsound: The Existential Crisis of Null Pointers},
    journal = {SIGPLAN Not.},
    issue_date = {October 2016},
    volume = {51},
    number = {10},
    month = oct,
    year = {2016},
    issn = {0362-1340},
    pages = {838--848},
    numpages = {11},
    doi = {10.1145/3022671.2984004},
    acmid = {2984004},
    publisher = {ACM},
    address = {New York, NY, USA},
    keywords = {Existential, Java, Null, Scala, Unsoundness},
} 

@InProceedings{cls,
    author="Bessai, Jan
    and Dudenhefner, Andrej
    and D{\"u}dder, Boris
    and Martens, Moritz
    and Rehof, Jakob",
    editor="Margaria, Tiziana
    and Steffen, Bernhard",
    title="Combinatory Logic Synthesizer",
    booktitle="Leveraging Applications of Formal Methods, Verification and Validation. Technologies for Mastering Change",
    year="2014",
    publisher="Springer Berlin Heidelberg",
    address="Berlin, Heidelberg",
    pages="26--40",
    abstract="We present Combinatory Logic Synthesizer (CL)S, a type-based tool to automatically compose larger systems from repositories of components. We overview its underlying theory, combinatory logic with intersection types, and exemplify its application to synthesis. We describe features and architecture of the tool and our plans for its ongoing and future development. Finally, we present some use cases in ongoing work, especially in the context of synthesis for Object Oriented Software.",
    isbn="978-3-662-45234-9",
    doi="10.1007/978-3-662-45234-9_3"
}

@article{coppo1980,
    author = "Coppo, M. and Dezani-Ciancaglini, M.",
    doi = "10.1305/ndjfl/1093883253",
    fjournal = "Notre Dame Journal of Formal Logic",
    journal = "Notre Dame J. Formal Logic",
    month = "10",
    number = "4",
    pages = "685--693",
    publisher = "Duke University Press",
    title = "An extension of the basic functionality theory for the $\lambda$-calculus.",
    volume = "21",
    year = "1980"
}

@book{henk,
    author = {Barendregt, Henk and Dekkers, Wil and Statman, Richard},
    title = {Lambda Calculus with Types},
    year = {2013},
    isbn = {9780521766142},
    publisher = {Cambridge University Press},
    address = {New York, NY, USA},
} 

@inproceedings{machine,
    author    = {Sandra Alves and
    Sabine Broda},
    title     = {Inhabitation machines: determinism and principality},
    booktitle = {{NCMA}},
    pages     = {57--70},
    publisher = {{\"{O}}sterreichische Computer Gesellschaft},
    year      = {2017}
}

@InProceedings{schubert,
    author =	{Aleksy Schubert and Wil Dekkers and Henk P. Barendregt},
    title =	{{Automata Theoretic Account of Proof Search}},
    booktitle =	{24th EACSL Annual Conference on Computer Science Logic (CSL 2015)},
    pages =	{128--143},
    series =	{Leibniz International Proceedings in Informatics (LIPIcs)},
    ISBN =	{978-3-939897-90-3},
    ISSN =	{1868-8969},
    year =	{2015},
    volume =	{41},
    editor =	{Stephan Kreutzer},
    publisher =	{Schloss Dagstuhl--Leibniz-Zentrum fuer Informatik},
    address =	{Dagstuhl, Germany},
    URL =		{http://drops.dagstuhl.de/opus/volltexte/2015/5411},
    URN =		{urn:nbn:de:0030-drops-54113},
    doi =		{10.4230/LIPIcs.CSL.2015.128},
    annote =	{Keywords: simple types, automata, trees, languages of proofs}
}

@InProceedings{broda,
    author="Broda, Sabine
    and Damas, Lu{\'i}s",
    editor="Girard, Jean-Yves",
    title="Counting a Type's Principal Inhabitants",
    booktitle="Typed Lambda Calculi and Applications",
    year="1999",
    publisher="Springer Berlin Heidelberg",
    address="Berlin, Heidelberg",
    pages="69--82",
    abstract="We present a Counting Algorithm that computes the number of $\lambda$-terms in $\beta$-normal form that have a given type $\tau$ as a principal type and produces a list of these terms. The design of the algorithm follows the lines of Ben-Yelles' algorithm for counting normal (not necessarily principal) inhabitants of a type $\tau$.",
    isbn="978-3-540-48959-7",
    doi="10.1007/3-540-48959-2_7"
}
@Article{ccc,
    author="Bierman, G. M.
    and de Paiva, V. C. V.",
    title="On an Intuitionistic Modal Logic",
    journal="Studia Logica",
    year="2000",
    month="08",
    day="01",
    volume="65",
    number="3",
    pages="383--416",
    abstract="In this paper we consider an intuitionistic variant of the modal logic S4 (which we call IS4). The novelty of this paper is that we place particular importance on the natural deduction formulation of IS4--- our formulation has several important metatheoretic properties. In addition, we study models of IS4--- not in the framework of Kirpke semantics, but in the more general framework of category theory. This allows not only a more abstract definition of a whole class of models but also a means of modelling proofs as well as provability.",
    issn="1572-8730",
    doi="10.1023/A:1005291931660"
}

@InCollection{churchturing,
    author       =	{Copeland, B. Jack},
    title        =	{The Church-Turing Thesis},
    booktitle    =	{The Stanford Encyclopedia of Philosophy},
    editor       =	{Edward N. Zalta},
    howpublished =	{\url{https://plato.stanford.edu/archives/win2017/entries/church-turing/}},
    url = {https://plato.stanford.edu/archives/win2017/entries/church-turing/},
    year         =	{2017},
    edition      =	{Winter 2017},
    publisher    =	{Metaphysics Research Lab, Stanford University}
}